
@article{yu_jones,
	title = {Local Linear Quantile Regression },
	volume = {93:441},
	journaltitle = {Journal of the American Statistical Association},
	pages = {228-237},
	url = {},
	date = {1998},
	doi = {10.1080/01621459.1998.10474104},
	shorttitle = {},
	author = {Yu, Keming and Jones, M. C.},
}

@article{huang_nguyen,
	title = {A nonparametric approach for quantile regression},
	volume = {5:3},
	journaltitle = {Journal of Statistical Distributions and Applications},
	pages = {},
	url = {},
	date = {2018},
	doi = {10.1186/s40488-018-0084-9},
	shorttitle = {},
	author = {Huang, Mei Ling and Nguyen, Christine},
}

@misc{regression_example,
  title = {Regresión Cuantílica (Quantile Regression)},
  author = {Amat Rodrigo, Joaquín},
  howpublished = {\url{https://rpubs.com/Joaquin_AR/291106}},
  note = {Published: 2017-07}
}

@Manual{ks,
  title = {ks: Kernel Smoothing},
  author = {Tarn Duong},
  year = {2023},
  note = {R package version 1.14.1},
  url = {https://CRAN.R-project.org/package=ks},
}
  
@book{nadaraya,
  author = {Wu, Hulin and Zhang, Jin-Ting},
  year = {2006},
  month = {03},
  pages = {},
  title = {Nonparametric Regression Methods for Longitudinal Data Analysis: Mixed-Effects Modeling Approaches},
  isbn = {9780471483502},
  doi = {10.1002/0470009675}
}

@Manual{chain,
  title = {ChainLadder: Statistical Methods and Models for Claims Reserving in General
Insurance},
  author = {Markus Gesmann and Daniel Murphy and Yanwei (Wayne) Zhang and Alessandro Carrato and Mario Wuthrich and Fabio Concina and Eric {Dal Moro}},
  year = {2023},
  note = {R package version 0.2.18},
  url = {https://CRAN.R-project.org/package=ChainLadder},
}

@misc{life_data,
  title = {Life Expectancy (WHO), Statistical Analysis on factors influencing Life Expectancy)},
  author = {Rajarshi, Kumar},
  year = {2017},
  howpublished = {\url{https://www.kaggle.com/datasets/kumarajarshi/life-expectancy-who}},
  note = {Published: 2017}
}

# toBibtex(citation("ChainLadder"))