@misc{condezo2020modelamiento,
  title={Modelamiento termodin{\'a}mico del proceso de cl{\'\i}nkerizaci{\'o}n en una planta de producci{\'o}n de cemento a partir de un an{\'a}lisis basado en balances de masa y energ{\'\i}a. Trabajo de conclusi{\'o}n de curso. Repositorio Institucional. Universidad Federal de Integraci{\'o}n Latinoamericana},
  author={Condezo, Estrella},
  year={2020},
  publisher={Bachelor’s Thesis, Universidad Federal de Integraci{\'o}n Latino-Americana, Foz~…}
}

@BOOK{texbook,
   author = "Donald E. Knuth",
   title= "The {{\TeX}book}",
   publisher = "Addison-Wesley",
   year = 1984 }

@BOOK{latex,
   author = "Leslie Lamport",
   title = "{\LaTeX:} {A} Document Preparation System",
   publisher = "Addison-Wesley",
   year = 1986 }

@report{reporte,
  author = "Registro Estatal de Emisiones y Fuentes Contaminantes",
  title = {Resumen ejecutivo de cemento y cal},
  institution = {Ministerio para la Transición Ecológica y el Reto Demográfico},
  year = {1996},
}

@report{triana,
  author = "T. Triana",
  title = {Diagnóstico energético para Cemento},
  institution = {},
  year = {2000},
}

@online{Ecured,
  title = {Fábrica de \capitalisewords{Cemento} de \capitalisewords{Cienfuegos}},
  author = {Ecured},
  year = {2013},
  url = {http://www.ecured.cu/index.php/F%C3%A1bricas_de_cemento_Carlos_Marx_de_Cienfuegos},
}

@online{ASTM-98,
  title = {Standard Test Method for Determination of the Proportion of Phases in Portland Cement and Portland-Cement Clinker Using X-Ray Powder Diffraction Analysis},
  author = {ASTM C1365-98},
  year = {1998},
  url = {https://www.astm.org/c1365-98.html},
}

@online{C1356M-96,
  title = {Standard test method for quantitative of phases in Portland cement clinker by microscopical point-count procedure},
  author = {ASTM C1356-96},
  year = {1996},
  url = {https://standards.globalspec.com/std/3799441/ASTM%20C1356-96(2001)},
}

@online{ASTM-c150,
  title = {Standard Specification for Portland Cement. ANEXO A1. Calculation of potential cement phase composition},
  author = {ASTM C150},
  year = {1994},
  url = {https://www.globalspec.com/industrial-directory/astm_c150_portland_cement},
}

@article{tobon2007replanteamiento,
  title={Replanteamiento de las ecuaciones de bogue en el c{\'a}lculo mineral{\'o}gico del clinker para una cemetera colombiana},
  author={Tob{\'o}n, Jorge Iv{\'a}n and L{\'O}PEZ, FREDY},
  journal={Dyna},
  volume={74},
  number={153},
  pages={53--60},
  year={2007},
  publisher={2006, Revista DYNA}
}

@inproceedings{tobon2001caracterizacion,
  title={Caracterizaci{\'o}n petrogr{\'a}fica de algunos clinkeres Colombianos},
  author={Tob{\'o}n, JI and L{\'o}pez, F},
  booktitle={Memorias VIII Congreso Colombiano de Geolog{\'\i}a},
  year={2001}
}

@inproceedings{fernandes2005,
  title={Ajuste de Curvas},
  author={D. Fernandes},
  booktitle={},
  year={2005}
}

@inproceedings{holderbank1975,
  author = {Holderbank},
  title = {Química y mineralogía de las materias primas del cemento: Influencia de las propiedades de las materias primas en el proceso de fabricación del cemento},
  booktitle = {Curso del cemento},
  year = {1975},
  pages = {},
  organization = {},
}

@inproceedings{calderon77,
  author = {F. Calderón},
  title = {Resumen de microscopía de clínker},
  booktitle = {},
  year = {1977},
  pages = {16},
  organization = {},
}
@inproceedings{gtaccsa2012,
  author = {Grupo Técnico de Asesores CCSA},
  title = {Manual de Operación de \capitalisewords{Cementos} \capitalisewords{Cienfuegos} \capitalisewords{S}.\capitalisewords{A}.},
  booktitle = {},
  year = {2012},
  pages = {},
  organization = {Ministerio de la Construcción de Cuba},
}
@inproceedings{taborda2009,
  author = {J.M.R Taborda},
  title = {Proceso general de producción del cemento},
  booktitle = {},
  year = {2009},
  pages = {},
  organization = {},
}

@inproceedings{salinas1995,
  author = {E. Salinas},
  title = {Programa de capacitación en el proceso de producción de cemento, Cemento Argos planta Río Claro},
  booktitle = {},
  year = {1995},
  pages = {},
  organization = {},
}

@inproceedings{delgado08,
  author = {A.G. Delgado},
  title = {Modelo de pronóstico alternativo para el estado al egreso de pacientes con enfermedades cerebro - vasculares en el Hospital Provincial de Cienfuegos},
  booktitle = {},
  year = {2008},
  pages = {},
  organization = {Universidad de Cienfuegos},
}

@article{glasser1998burning,
  title={The burning of Portland cement},
  author={Glasser, Fredrik P},
  journal={Lea's chemistry of cement and concrete},
  volume={240},
  year={1998},
  publisher={pp. 195{\oe}}
}

@article{clark2002bogue,
  title={Bogue vs Chromy},
  author={CLARK, MICHAEL},
  journal={International cement review},
  pages={65--66},
  year={2002}
}

@article{fundal1980microscopy,
  title={Microscopy of cement raw mix and clinker},
  author={Fundal, Erling},
  journal={FIS-Review 25},
  year={1980},
  publisher={FL Smidth Laboratries}
}

@article{camara1988analise,
  title={Analise microscopica de clinker},
  author={CAMARA, JOS{\'E} ROBERTO},
  journal={Bolet{\'\i}n informativo de microscopia Sao Paulo},
  volume={16},
  pages={7--9},
  year={1988}
}

@article{rodriguez1991analisis,
  title={An{\'a}lisis microsc{\'o}pico del clinker de cemento portland},
  author={Rodr{\'\i}guez, LUIS FERNANDO},
  journal={Bolet{\'\i}n ICPC. Medell{\'\i}n},
  year={1991}
}

@article{arenas1997observacion,
  title={Observaci{\'o}n microsc{\'o}pica cualitativa del cl{\'\i}nker del cemento Portland},
  author={Arenas, N},
  journal={ASOCEM, An{\'a}lisisis qu{\'\i}mico instrumental en la industria del cemento. Lima: Martegraf},
  year={1997}
}

@article{garcia2003automatic,
  title={Automatic quantification of phases and mechanical characterization of materials based on Portland clinker modified with silica and alumina additions.},
  author={Garcia-Marquez, JM and Anton, N and Gamboa, R and Martinez, MA and Velasco, F},
  journal={Journal of materials processing technology},
  volume={143},
  pages={286--289},
  year={2003}
}

@book{duda2021manual,
  title={Manual tecnol{\'o}gico del cemento},
  author={Duda, Walter H},
  year={2021},
  publisher={Revert{\'e}}
}

@incollection{lawrence1998constitution,
  title={The constitution and specification of Portland cements},
  author={Lawrence, C David},
  booktitle={Lea's chemistry of cement and concrete},
  pages={131--193},
  year={1998},
  publisher={Elsevier}
}
@book{taylor1997cement,
  title={Cement chemistry},
  author={Taylor, Harry FW and others},
  volume={2},
  year={1997},
  publisher={Thomas Telford London}
}
@article{crumbie2006iron,
  title={Where is the iron? Clinker microanalysis with XRD Rietveld, optical microscopy/point counting, Bogue and SEM-EDS techniques},
  author={Crumbie, Alison and Walenta, G{\"u}nther and F{\"u}llmann, Thomas},
  journal={Cement and Concrete Research},
  volume={36},
  number={8},
  pages={1542--1547},
  year={2006},
  publisher={Elsevier}
}

@article{castanon2012estudio,
  title={Estudio de las fases mineral{\'o}gicas del cl{\'\i}nker en una cementera espa{\~n}ola, utilizando el m{\'e}todo de Rietveld},
  author={Casta{\~n}{\'o}n, Ana M and Garc{\'\i}a Granda, Santiago and Guerrero, Ana M and G{\'o}mez-Fern{\'a}ndez, Fernando},
  journal={Dyna},
  volume={79},
  number={173},
  pages={41--47},
  year={2012},
  publisher={2006, Revista DYNA}
}

@article{campbell1999microscopical,
  title={Microscopical examination and interpretation of Portland cement and clinker},
  author={Campbell, Donald H and others},
  journal={(No Title)},
  year={1999}
}
@article{cortes2017metodo,
  title={M{\'e}todo para determinar las fases minerales del cl{\'\i}nker y su influencia en reducir los da{\~n}os al medio ambiente},
  author={Cort{\'e}s, C Manuel E Cort{\'e}s and Qui{\~n}ones, Mario Moreira and others},
  journal={Universidad y Sociedad},
  volume={9},
  number={5},
  pages={293--300},
  year={2017}
}

@article{huilcapi2020analisis,
  title={An{\'a}lisis microsc{\'o}pico de clinker para optimizar el proceso de clinkerizaci{\'o}n en una f{\'a}brica cementera},
  author={Huilcapi, Ana Gabriela Flores and Almend{\'a}riz, Luis Santiago Carrera and Pinos, Adri{\'a}n Alejandro Rodr{\'\i}guez},
  journal={Ciencia Digital},
  volume={4},
  number={1},
  pages={165--181},
  year={2020}
}

@article{labidi2019critical,
  title={Critical research study of quantification methods of mineralogical phases in cementitious materials},
  author={Labidi, Islem and Boughanmi, Sonia and Tiss, Houcine and Megriche, Adel},
  journal={Journal of the Australian Ceramic Society},
  volume={55},
  pages={1127--1137},
  year={2019},
  publisher={Springer}
}

@article{alvarez2021perfeccionamiento,
  title={PERFECCIONAMIENTO DE LAS ECUACIONES UTILIZADAS EN LA PRODUCCI{\'O}N DE CL{\'I}NKER EN CEMENTERA CUBANA},
  author={Alvarez, Elia N Cabrera and Tamayo, Yoandy Rodr{\'\i}guez and Bravo, Carlos Alberto {\'A}lvarez},
  journal={Investigaci{\'o}n Operacional},
  volume={42},
  number={3},
  pages={326--334},
  year={2021},
  publisher={Editorial Universitaria de la Republica de Cuba}
}

@article{alvarez2019ecuaciones,
  title={Ecuaciones para predecir los porcentajes de CaO, SIO2, Al2O3, Fe2O3 Y SO3 en el clinker},
  author={{\'A}lvarez Bravo, Carlos Alberto and Cort{\'e}s Cort{\'e}s, Manuel E and Rodr{\'\i}guez Tamayo, Yoandy},
  journal={Revista Universidad y Sociedad},
  volume={11},
  number={3},
  pages={147--153},
  year={2019},
  publisher={Editorial" Universo Sur"}
}

@article{kihara1983utilizaccao,
  title={Utiliza{\c{c}}{\~a}o da espectrometr{\'\i}a de raios X na an{\'a}lise de farinhas pelo m{\'e}todo da fus{\~a}o},
  author={Kihara, Yushiro and Marciano Junior, E},
  year={1983}
}

@article{kihara1984ataques,
  title={Ataques qu{\'\i}micos: fator importante no estudo microscopico do clinquer},
  author={Kihara, Yushiro},
  journal={Boletim Informativo de Microscopia},
  number={4},
  pages={4--6},
  year={1984}
}

@book{freedman2009statistical,
  title={Statistical models: theory and practice},
  author={Freedman, David A},
  year={2009},
  publisher={Cambridge University Press}
}

@article{webel2011greene,
  title={Greene, WH, Econometric Analysis},
  author={Webel, Karsten},
  journal={Statistical Papers},
  volume={52},
  number={4},
  pages={983},
  year={2011},
  publisher={Springer Nature BV}
}

@article{garcia2016identificacion,
  title={Identificaci{\'o}n de factores incidentes en la accidentalidad laboral en empresas de Cienfuegos},
  author={Garc{\'\i}a, An{\'\i}bal Barrera},
  journal={Ingenier{\'\i}a Industrial},
  volume={37},
  number={2},
  pages={127--137},
  year={2016},
  publisher={Departamento de Ediciones (Editorial Cujae)}
}

@book{hair2004analisis,
  title={An{\'a}lisis multivariante},
  author={Hair, Joseph F and Anderson, Rolph E and Tatham, Ronald L and Black, William C},
  year={2004}
}

@misc{kiusalaas2005numerical,
  title={Numerical Method for Engineers with MATLAB},
  author={Kiusalaas, J},
  year={2005},
  publisher={CambridgeUniversityPress, NewYork, USA}
}

@book{kiusalaas2013numerical,
  title={Numerical methods in engineering with Python 3},
  author={Kiusalaas, Jaan},
  year={2013},
  publisher={Cambridge university press}
}

@book{guest2012numerical,
  title={Numerical methods of curve fitting},
  author={Guest, Philip George and Guest, Philip George},
  year={2012},
  publisher={Cambridge University Press}
}

@book{motulsky2004fitting,
  title={Fitting models to biological data using linear and nonlinear regression: a practical guide to curve fitting},
  author={Motulsky, Harvey and Christopoulos, Arthur},
  year={2004},
  publisher={Oxford University Press}
}

@book{freund2006regression,
  title={Regression analysis},
  author={Freund, Rudolf J and Wilson, William J and Sa, Ping},
  year={2006},
  publisher={Elsevier}
}

@book{sahai2004analysis,
  title={Analysis of variance for random models, volume 2: unbalanced data: theory, methods, applications, and data analysis},
  author={Sahai, Hardeo and Ojeda, Mario M},
  year={2004},
  publisher={Springer}
}

@article{puentes2018prediccion,
  title={Predicci{\'o}n de la resistencia mec{\'a}nica a 28 d{\'\i}as del cemento Concretero a trav{\'e}s de regresi{\'o}n lineal m{\'u}ltiple en un molino vertical con base en las propiedades f{\'\i}sicas y qu{\'\i}micas del cemento},
  author={Puentes Lozano, Miller Albeiro and others},
  year={2018}
}

@article{damodar2010econometria,
  title={Econometr{\'\i}a (quinta edici{\'o}n)},
  author={Damodar, N and Dawn, C},
  journal={Editorial MacGraw-Hill},
  year={2010}
}

@article{forero2020modelo,
  title={Modelo de regresi{\'o}n lineal m{\'u}ltiple para el pron{\'o}stico de ventas de bolsas ecol{\'o}gicas para la empresa Boleco SA, en la ciudad de \capitalisewords{Bogotá} DC},
  author={Forero G{\'o}mez, Geraldine and Mart{\'\i}nez Lozano, Jonathan Alexander},
  year={2020},
  publisher={Universidad Cooperativa de Colombia, Facultad de Ingenier{\'\i}as, Ingenier{\'\i}a~…}
}

@book{anton1999regresion,
  title={Regresi{\'o}n y an{\'a}lisis de varianza},
  author={Ant{\'o}n, V N{\'u}{\~n}ez and Tusell, F},
  year={1999},
  publisher={Euskal Herriko Unibertsitatea, Argitalpen Zerbitzua}
}

@book{walpole1999probabilidad,
  title={Probabilidad y estad{\'\i}stica para ingenieros},
  author={Walpole, Ronald E and Myers, Raymond H and Myers, Sharon L},
  year={1999},
  publisher={Pearson educaci{\'o}n}
}

@article{ali1987durbin,
  title={Durbin--Watson and generalized Durbin--Watson tests for autocorrelations and randomness},
  author={Ali, Mukhtar M},
  journal={Journal of Business \& Economic Statistics},
  volume={5},
  number={2},
  pages={195--203},
  year={1987},
  publisher={Taylor \& Francis}
}

@phdthesis{severincomparacion,
  title={Comparaci{\'o}n de procedimientos de prueba de hip{\'o}tesis en el an{\'a}lisis de regresi{\'o}n lineal multivariado},
  author={Yandell Wilfredo Tovar Severin},
  year={2011}
}
@article{harrell2012regression,
  title={Regression modeling strategies},
  author={Harrell, Frank E},
  journal={R package version},
  pages={6--2},
  year={2012},
  publisher={Springer}
}

@article{blanxart1992analisis,
  title={An{\'a}lisis explorat{\'o}rio de datos: nuevas t{\'e}cnicas estad{\'\i}sticas},
  author={Blanxart, Monserrat Freixa and Cosialis, LS and Olmos, JG and Puig, RF and Oset, JT},
  journal={Barcelona, Promociones y Pubicaciones Universitarias. 296p},
  year={1992}
}

@phdthesis{valle2019modelo,
  title={Modelo de regresi{\'o}n lineal multivariado aplicado a la relaci{\'o}n entre variables qu{\'\i}micas del cl{\'\i}nker y variables f{\'\i}sicas del cemento},
  author={Valle, DE},
  year={2019},
  school={Tesis de maestr{\'\i}a. San Carlos De Guatemala. Disponible en: https://postgrado~…}
}